@BOOK{BinneyTremaine08,
   author = {{Binney}, J. and {Tremaine}, S.},
    title = "{Galactic Dynamics: Second Edition}",
booktitle = {Galactic Dynamics: Second Edition, by James Binney and Scott Tremaine.~ISBN 978-0-691-13026-2 (HB).~Published by Princeton University Press, Princeton, NJ USA, 2008.},
     year = 2008,
publisher = {Princeton University Press},
   adsurl = {http://adsabs.harvard.edu/abs/2008gady.book.....B},
  adsnote = {Provided by the SAO/NASA Astrophysics Data System}
}


@ARTICLE{BryanNorman98,
	author = {{Bryan}, G.~L. and {Norman}, M.~L.},
	title = "{Statistical Properties of X-Ray Clusters: Analytic and Numerical Comparisons}",
	journal = {\apj},
	eprint = {astro-ph/9710107},
	keywords = {GALAXIES: CLUSTERS: GENERAL, METHODS: NUMERICAL, X-RAYS: GALAXIES, Galaxies: Clusters: General, Methods: Numerical, X-Rays: Galaxies},
	year = 1998,
	month = mar,
	volume = 495,
	pages = {80-99},
	doi = {10.1086/305262},
	adsurl = {http://adsabs.harvard.edu/abs/1998ApJ...495...80B},
	adsnote = {Provided by the SAO/NASA Astrophysics Data System}
}


@ARTICLE{EkeColeFrenk96,
   author = {{Eke}, V.~R. and {Cole}, S. and {Frenk}, C.~S.},
    title = "{Cluster evolution as a diagnostic for Omega}",
  journal = {\mnras},
   eprint = {astro-ph/9601088},
     year = 1996,
    month = sep,
   volume = 282,
    pages = {263-280},
   adsurl = {http://adsabs.harvard.edu/abs/1996MNRAS.282..263E},
  adsnote = {Provided by the SAO/NASA Astrophysics Data System}
}




