@BOOK{BinneyTremaine08,
   author = {{Binney}, J. and {Tremaine}, S.},
    title = "{Galactic Dynamics: Second Edition}",
booktitle = {Galactic Dynamics: Second Edition, by James Binney and Scott Tremaine.~ISBN 978-0-691-13026-2 (HB).~Published by Princeton University Press, Princeton, NJ USA, 2008.},
     year = 2008,
publisher = {Princeton University Press},
   adsurl = {http://adsabs.harvard.edu/abs/2008gady.book.....B},
  adsnote = {Provided by the SAO/NASA Astrophysics Data System}
}


@ARTICLE{BryanNorman98,
	author = {{Bryan}, G.~L. and {Norman}, M.~L.},
	title = "{Statistical Properties of X-Ray Clusters: Analytic and Numerical Comparisons}",
	journal = {\apj},
	eprint = {astro-ph/9710107},
	keywords = {GALAXIES: CLUSTERS: GENERAL, METHODS: NUMERICAL, X-RAYS: GALAXIES, Galaxies: Clusters: General, Methods: Numerical, X-Rays: Galaxies},
	year = 1998,
	month = mar,
	volume = 495,
	pages = {80-99},
	doi = {10.1086/305262},
	adsurl = {http://adsabs.harvard.edu/abs/1998ApJ...495...80B},
	adsnote = {Provided by the SAO/NASA Astrophysics Data System}
}


@ARTICLE{EkeColeFrenk96,
   author = {{Eke}, V.~R. and {Cole}, S. and {Frenk}, C.~S.},
    title = "{Cluster evolution as a diagnostic for Omega}",
  journal = {\mnras},
   eprint = {astro-ph/9601088},
     year = 1996,
    month = sep,
   volume = 282,
    pages = {263-280},
   adsurl = {http://adsabs.harvard.edu/abs/1996MNRAS.282..263E},
  adsnote = {Provided by the SAO/NASA Astrophysics Data System}
}


@ARTICLE{Law10,
   author = {{Law}, D.~R. and {Majewski}, S.~R.},
    title = "{The Sagittarius Dwarf Galaxy: A Model for Evolution in a Triaxial Milky Way Halo}",
  journal = {\apj},
archivePrefix = "arXiv",
   eprint = {1003.1132},
 keywords = {dark matter, galaxies: individual: Sagittarius, Galaxy: kinematics and dynamics, Galaxy: structure},
     year = 2010,
    month = may,
   volume = 714,
    pages = {229-254},
      doi = {10.1088/0004-637X/714/1/229},
   adsurl = {http://adsabs.harvard.edu/abs/2010ApJ...714..229L},
  adsnote = {Provided by the SAO/NASA Astrophysics Data System}
}


@ARTICLE{Law09,
   author = {{Law}, D.~R. and {Majewski}, S.~R. and {Johnston}, K.~V.},
    title = "{Evidence for a Triaxial Milky Way Dark Matter Halo from the Sagittarius Stellar Tidal Stream}",
  journal = {\apjl},
archivePrefix = "arXiv",
   eprint = {0908.3187},
 keywords = {Galaxy: halo, Galaxy: kinematics and dynamics, Galaxy: structure},
     year = 2009,
    month = sep,
   volume = 703,
    pages = {L67-L71},
      doi = {10.1088/0004-637X/703/1/L67},
   adsurl = {http://adsabs.harvard.edu/abs/2009ApJ...703L..67L},
  adsnote = {Provided by the SAO/NASA Astrophysics Data System}
}


@ARTICLE{Lee03,
   author = {{Lee}, J. and {Suto}, Y.},
    title = "{Modeling Intracluster Gas in Triaxial Dark Halos: An Analytic Approach}",
  journal = {\apj},
   eprint = {astro-ph/0211007},
 keywords = {Cosmology: Theory, Cosmology: Dark Matter, Galaxies: Clusters: General, X-Rays: Galaxies},
     year = 2003,
    month = mar,
   volume = 585,
    pages = {151-160},
      doi = {10.1086/345931},
   adsurl = {http://adsabs.harvard.edu/abs/2003ApJ...585..151L},
  adsnote = {Provided by the SAO/NASA Astrophysics Data System}
}


